<?xml version="1.0" encoding="UTF-8"?><collection xmlns="http://www.loc.gov/MARC21/slim"><record><leader>00435nam--2200145-i-4500</leader><controlfield tag="001">000015794</controlfield><controlfield tag="002">20161230</controlfield><controlfield tag="005">20170210015546</controlfield><controlfield tag="008">060222s1000------------r-----000-0-eng-d</controlfield><datafield ind1=" " ind2=" " tag="100"><subfield code="a">Danroc, Joel</subfield></datafield><datafield ind1=" " ind2=" " tag="245"><subfield code="a">Evolution superficielle et aptitude au compactage des poudres de dioxyde d uranium</subfield><subfield code="b">these</subfield></datafield><datafield ind1=" " ind2=" " tag="260"><subfield code="a">Grenoble</subfield><subfield code="b">Inst,National Polytechnique</subfield><subfield code="c">1982</subfield></datafield><datafield ind1=" " ind2=" " tag="300"><subfield code="a">63 p</subfield></datafield><datafield ind1=" " ind2=" " tag="852"><subfield code="a">621.039.54(043)</subfield></datafield><datafield ind1=" " ind2=" " tag="CAT"><subfield code="a">SYS</subfield><subfield code="c">20170210</subfield><subfield code="h">015546</subfield></datafield></record></collection>